@article{Franqueto2023,
   author = {Renan Franqueto and Rafaela Franqueto},
   issn = {2176-7270},
   issue = {1},
   journal = {Revista de Engenharia e Tecnologia},
   title = {OTIMIZANDO O CONSUMO DE ÁGUA EM RESIDÊNCIAS: UMA ANÁLISE DE CÁLCULO DE DEMANDA HÍDRICA UMA EDIFICAÇÃO RESIDENCIAL MULTIFAMILIAR NO MUNICÍPIO DE IRATI-PR},
   volume = {15},
   year = {2023}
}
@manual{IBGE,
    author  = {IBGE},
    title   = {IBGE | Cidades@ | São Paulo | Mairiporã},
    year = 2024,
    url     = {https://cidades.ibge.gov.br/brasil/sp/mairipora/panorama},
    Urlaccessdate = {09 mar 2025},
}

@manual{MunSaneamento,
    author  = {Instituto Água e Saneamento},
    title   = {Municípios e Saneamento | Mairiporã (SP)},
    year = 2025,
    url     = {https://www.aguaesaneamento.org.br/municipios-e-saneamento/sp/mairipora},
    Urlaccessdate = {09 mar 2025},
}

@manual{ONUWater,
    author  = {ONU},
    title   = {Global Issues: Water},
    year = 2025,
    url     = {https://www.un.org/en/global-issues/water},
    Urlaccessdate = {09 mar 2025},
}


