
@article{OtimizacaoAgua,
   abstract = {Resumo: A água, elemento vital para a existência humana, desempenha um papel fundamental n\~ao apenas na sobrevivência, mas também em diversas atividades cotidianas e na manutenç\~ao do equilíbrio ambiental. Este trabalho centra-se na gest\~ao eficiente do consumo de água em residências, com especial atenç\~ao ao cálculo de demanda hídrica. A análise é baseada em uma edificaç\~ao multifamiliar localizada em Irati, PR, abordando a previs\~ao do consumo n\~ao potável e explorando o potencial do aproveitamento de águas pluviais. Os resultados obtidos n\~ao apenas destacam a viabilidade do uso sustentável de águas n\~ao potáveis, mas também enfatizam a importância de estratégias conscientes para a preservaç\~ao desse recurso essencial, contribuindo assim para um panorama mais equilibrado e sustentável.},
   author = {Renan Franqueto and Rafaela Franqueto},
   issn = {2176-7270},
   issue = {1},
   journal = {Revista de Engenharia e Tecnologia},
   title = {Otimizando o consumo de água em residências: Uma
   análise de cálculo de demanda hídrica uma ediﬁcação residencial multifamiliar no município
   de Irati - PR},
   volume = {15},
   year = {2023}
}
@misc{IBGE_Mairipora_2024,
   author = {IBGE},
   title = {IBGE | Cidades@ | S\~ao Paulo | Mairipor\~a | Panorama},
   url = {https://cidades.ibge.gov.br/brasil/sp/mairipora/panorama},
   year = {2024},
   Urlaccessdate = {09 mar 2025},
}
@misc{WaterONU,
   author = {{ONU}},
   title = {Water | United Nations},
   url = {https://www.un.org/en/global-issues/water},
   year = {2025},
   Urlaccessdate = {09 mar 2025},
}
@misc{SaneamentoMairipora,
   author = {{Instituto Água e Saneamento}},
   title = {O saneamento em Mairipor\~a | SP | Municípios e Saneamento | Instituto Água e Saneamento},
   url = {https://www.aguaesaneamento.org.br/municipios-e-saneamento/sp/mairipora},
   year = {2025},
   Urlaccessdate = {09 mar 2025},
}
@techReport{CETESB_Qual_Jun2024,
   author = {CETESB},
   city = {S\~ao Paulo},
   institution = {CETESB},
   month = {Jun.},
   pages = {1-4},
   title = {Boletim Trimestral Sistema Cantareira Junho/2024},
   year = {2024}
}
@article{ProcHidricoCantareira,
   abstract = {Esse artigo busca analisar e entender a situaç\~ao socioambiental da água presente na Serra da Cantareira, que fica na Mata Atlântica ao Norte da cidade de S\~ao Paulo. Olhando primeiramente a perspectiva histórica de ocupaç\~ao e de formaç\~ao da regi\~ao, pude observar que a atenç\~ao e cuidado com a Reserva, se deu totalmente atrelada ao interesse em cima da quest\~ao da abundância de água que a Cantareira detém. Com a implantaç\~ao do Sistema Cantareira (que abrange quatro cidades do estado de Minas Gerais e oito cidades do Estado de S\~ao Paulo) o abastecimento d'água para a regi\~ao metropolitana de S\~ao Paulo foi estabelecido de maneira que resultou no desenvolvimento da Zona norte de S\~ao Paulo, e o acesso à Serra da Cantareira cresceu. De acordo com a perspectiva da ecologia política, a injustiça ambiental em torno desenvolvimento da regi\~ao, está presente em várias situações já que as populações locais s\~ao determinadas pelas condições de controle da água através de barragens e canalizaç\~ao dos cursos dos rios.},
   author = {Isabela Garcia Deleo},
   doi = {10.23925/2675-8253.62507},
   issue = {1},
   journal = {Revista Avesso: Pensamento, Memória e Sociedade},
   month = {Jun.},
   pages = {57-62},
   publisher = {(PUC-SP)},
   title = {Serra da cantareira: História do processo hÍdrico e socioambiental da maior
floresta urbana no mundo},
   volume = {4},
   year = {2024}
}
@article{QualAguaCantareira,
   abstract = {A água é o recurso indispensável à vida de todos os seres vivos. O estudo e monitoramento dos mananciais que servem milhões de pessoas na metrópole de S\~ao Paulo s\~ao essenciais para garantir qualidade no abastecimento público. O local escolhido para o trabalho foi a Represa Paulo de Paiva Castro, que pertence ao Sistema Cantareira e se trata de uma regi\~ao que ainda apresenta uma boa condiç\~ao de preservaç\~ao, porém vem sofrendo com a crescente ocupaç\~ao urbana proveniente do município de Mairipor\~a. O objetivo deste trabalho é analisar os aspectos da qualidade da água deste manancial nos últimos cinco anos através de revis\~ao bibliográfica e análise de dados de relatórios anuais emitidos pela CETESB. Conclui-se que, apesar da aç\~ao antrópica na regi\~ao, nos últimos cinco anos a qualidade da água se manteve nos teores classificados como bom e ótimo.},
   author = {Daniele De Moura and Fabiana Schumacher Fermino},
   issn = {2318-3233},
   issue = {2},
   journal = {RMS-Revista Metropolitana de Sustentabilidade},
   month = {Ago.},
   pages = {96-109},
   title = {ASPECTOS DA QUALIDADE DA ÁGUA PARA ABASTECIMENTO PÚBLICO NA REPRESA PAULO DE PAIVA CASTRO/SISTEMA CANTAREIRA-S\~AO PAULO/SP},
   volume = {4},
   url = {http://www.revistaseletronicas.fmu.br/},
   year = {2014}
}
@techReport{URAE1_2024,
   author = {{GESP}},
   institution = {Governo do Estado de S\~ao Paulo},
   month = {Mai.},
   title = {Plano Regional de Saneamento Básico da URAE 1 - Sudeste},
   year = {2024}
}
@techReport{MairiporaSaneamento2012,
   author = {{PMM}},
   city = {Mairipor\~a},
   institution = {Prefeitura Municipal de Mairipor\~a},
   month = {Mai.},
   title = {Plano Municipal de Saneamento Básico de Mairiporã - 2012},
   url = {www.shs.com.br},
   year = {2012}
}
@techReport{ARSESP_Rel_2020,
   author = {{ARSESP}},
   city = {S\~ao Paulo},
   institution = {ARSESP},
   title = {Relatório Analítico Mairipor\~a - 2020},
   year = {2020}
}
@techReport{ARSESP_PlanSanMairipora,
   author = {{GESP}},
   city = {S\~ao Paulo},
   institution = {Secretaria de Infraestrutura e Meio Ambiente},
   month = {Nov.},
   title = {Revis\~ao/Atualizaç\~ao dos Planos Municipais de Saneamento Básico dos Serviços de Abastecimento de Água Potável e Esgotamento Sanitário - Município – Mairipor\~a},
   year = {2022}
}

@techReport{RelSinteseMairipora2022,
   author = {{PMM}},
   city = {Mairipor\~a},
   institution = {Prefeitura do Município de Mairipor\~a},
   month = {Nov.},
   title = {Relatório Síntese - Município: Mairipor\~a - Bloco 02 - UGRHI 06},
   url = {http://mairipora.sp.gov.br/},
   year = {2022}
}
@article{AprovRioJuqueri,
   author = {{GESP}},
   issue = {555},
   institution = {Departamento de Águas e Esgotos de S\~ao Paulo},
   journal = {Revista do Departamento de Águas e Esgotos},
   month = {Set.},
   pages = {71-105},
   title = {Aproveitamento do Rio Juquerí para o abastecimento de água de S\~ao Paulo - Ante-Projeto},
   volume = {54},
   year = {1962}
}
@techReport{MairiporaEstanciaTuristica,
   author = {{PMM}},
   city = {Mairipor\~a},
   institution = {Prefeitura do Município de Mairipor\~a},
   month = {9},
   title = {Justificativa Mairiporã Estância Turística},
   year = {2021}
}

@article{LeiPolNacRecHidricos,
author       = {Brasil},
organization = {Brasil},
title        = {Lei n\ele{ }9.433 de 8 de janeiro de 1997},
nota         = {Institui a Política Nacional de Recursos Hídricos, cria o Sistema Nacional de Gerenciamento de Recursos Hídricos, regulamenta o inciso XIX do art. 21 da Constituição Federal, e altera o art. 1\ele   da Lei n\ele   8.001, de 13 de março de 1990, que modificou a Lei n\ele   7.990, de 28 de dezembro de 1989.},
journal      = {Diário Oficial da República Federativa do Brasil},
year         = {2012},
date         = {2012-01-09},
pages        = {470},
issn         = {1677-2339},
url          = {https://www.planalto.gov.br/ccivil_03/leis/l9433.htm},
urldate      = {2023-06-19},
address      = {Brasília, DF},
shorttitle   = {Lei n\ele   9.433/1997},
timestamp    = {2025-03-24},
Urlaccessdate= {25 mar 2025}
}

@article{PortCons5,
   author       = {Brasil},
   organization = {MS},
   title        = {Portaria de Consolidação n\ele{ }5, de 28 de setembro de 2017},
   nota         = {Consolidação das normas sobre as ações e os serviços de saúde do Sistema Único de Saúde.},
   journal      = {Diário Oficial da República Federativa do Brasil},
   year         = {2017},
   date         = {2017-09-08},
   issn         = {1677-2339},
   url          = {https://www.planalto.gov.br/ccivil_03/leis/l9433.htm},
   urldate      = {2017-09-08},
   address      = {Brasília, DF},
   shorttitle   = {Portaria de Consolidação 5},
   timestamp    = {2025-03-24},
   Urlaccessdate= {25 mar 2025}
}

@article{LeiSaneamento,
   author       = {Brasil},
   organization = {Brasil},
   title        = {Lei n\ele{ }11.445 de 5 de janeiro de 2007},
   nota         = {Estabelece as diretrizes nacionais para o saneamento básico; cria o Comitê Interministerial de Saneamento Básico; altera as Leis n\ele  s 6.766, de 19 de dezembro de 1979, 8.666, de 21 de junho de 1993, e 8.987, de 13 de fevereiro de 1995; e revoga a Lei n\ele   6.528, de 11 de maio de 1978. (Redação pela Lei n\ele   14.026, de 2020).},
   journal      = {Diário Oficial da República Federativa do Brasil},
   year         = {2007},
   date         = {2007-01-08},
   pages        = {3},
   issn         = {1677-2339},
   url          = {https://www.planalto.gov.br/ccivil_03/_ato2007-2010/2007/lei/l11445.htm},
   address      = {Brasília, DF},
   shorttitle   = {Lei n\ele   11.445/2007},
   timestamp    = {2025-03-24},
   Urlaccessdate= {25 mar 2025}
}

@techReport{MCID_DiagTem2023,
   author = {MCID},
   city = {Brasília},
   organization = {Ministério das Cidades},
   institution = {Ministério das Cidades},
   month = {Dez.},
   title = {Diagnóstico Temático - Serviços de Água e Esgoto - Visão Geral - ano de referência: 2022},
   year = {2023},
   url = {https://www.gov.br/cidades/pt-br/acesso-a-informacao/acoes-e-programas/saneamento/snis/produtos-do-snis/diagnosticos/DIAGNOSTICO_TEMATICO_VISAO_GERAL_AE_SNIS_2023.pdf},
   Urlaccessdate = {25 mar 2025}
}

@book{ManualSaneamento,
  author = {FUNASA},
  editor = {Fundação Nacional de Saúde},
  publisher = {Minitério da Saúde},
  title = {Manual de Saneamento},
  year = {2019},
  url = {https://repositorio.funasa.gov.br/bitstream/handle/123456789/506/Manual_de_Saneamento_Funasa_5a_Edicao.pdf?sequence=1&isAllowed=y},
   Urlaccessdate = {25 mar 2025},
  edition = {5},
}

@book{AbastAguaPotavel,
  author = {FUNASA},
  editor = {Fundação Nacional de Saúde},
  publisher = {Minitério da Saúde},
  title = {Abastecimento de Água Potável - Cadernos Temáticos de Saneamento Básico},
  year = {2016},
  url = {http://www.funasa.gov.br/documents/20182/300120/Abastecimento+de+%C3%81gua+Pot%C3%A1vel.pdf/c42e2752-7de2-4a0b-a751-fa352f1bdbc3?version=1.0},
   Urlaccessdate = {25 mar 2025},
}

@techReport{NBR12218,
   author = {ABNT},
   city = {Rio de Janeiro},
   organization = {ABNT},
   institution = {ABNT},
   month = {Maio},
   title = {NBR 12218},
   subtitle = {Projeto de rede de distribuição de água para abastecimento público - Procedimento},
   pages = {23},
   pagetotal = {23},
   year = {2017}
}

@book{umlGuia,
  author = {Grady Booch and James Rumbaugh and Ivar Jacobson},
  editor = {GEN LTC},
  publisher = {GEN LTC},
  title = {Uml - Guia do Usuário},
  year = {2006},
  edition = {2},
  city = {Rio de Janeiro},
  pages = {552},
  isbn = {978-8535217841},
}

@misc{bootstrap,
   organization = {{Bootstrap Team}},
   title = {Bootstrap 5.0 documentation},
   url = {https://getbootstrap.com/docs/5.0/getting-started/introduction/},
   year = {2021},
   Urlaccessdate = {09 mar 2025},
}

@book{larman,
  author = {Craig Larman},
  editor = {Bookman},
  publisher = {Bookman},
  title = {Utilizando UML e Padrões},
  subtitle = {Uma Introdução à Análise e ao Projeto Orientados a Objetos e ao Desenvolvimento Iterativo},
  year = {2007},
  edition = {3},
  city = {Porto Alegre},
  pages = {696},
  isbn = {978-8560031528},
}

@book{fowler,
  author = {Martin Fowler},
  editor = {Bookman},
  publisher = {Bookman},
  title = {UML Essencial},
  subtitle = {Um Breve Guia para a Linguagem Padrão de Modelagem de Objetos},
  year = {2005},
  edition = {3},
  city = {Porto Alegre},
  pages = {160},
  isbn = {9788536304540},
}

@book{heuser,
  author = {Carlos Alberto Heuser},
  editor = {Clube de Autores},
  publisher = {Clube de Autores},
  title = {Projeto de Banco de Dados},
  year = {2024},
  edition = {7},
  city = {Joinville},
  pages = {364},
  isbn = {9786501222103},
}

@book{dateBD,
  author = {Christopher J Date},
  editor = {GEN LTC},
  publisher = {GEN LTC},
  title = {Introdução a Sistemas de Bancos de Dados},
  year = {2004},
  edition = {8},
  city = {Rio de Janeiro},
  pages = {896},
  isbn = {978-8535212730},
}

@book{garret,
  author = {Jesse James Garrett},
  editor = {New Riders},
  publisher = {New Riders},
  title = {The Elements of User Experience},
  subtitle = {User-Centered Design for the Web and Beyond},
  year = {2010},
  edition = {2},
  city = {Indianapolis},
  pages = {192},
  isbn = {978-0321683687},
}

@book{walls,
  author = {Craig Walls},
  editor = {Manning},
  publisher = {Manning},
  title = {Spring Boot in Action},
  year = {2016},
  edition = {1},
  city = {Shelter Island},
  pages = {264},
  isbn = {978-1617292545},
}

@book{sommerville,
  author = {Ian Sommerville},
  editor = {Pearson},
  publisher = {Pearson},
  title = {Engenharia de Software},
  year = {2019},
  edition = {10},
  city = {São Paulo},
  pages = {768},
  isbn = {978-8543024974},
}